@article{example2020,
  author = {Doe, John},
  title = {An Example Paper},
  journal = {Journal of Examples},
  year = {2020}
}